<?xml version="1.0" encoding="UTF-8"?><record xmlns="http://www.loc.gov/MARC21/slim" xmlns:cinclude="http://apache.org/cocoon/include/1.0" xmlns:zs="http://www.loc.gov/zing/srw/">
  <leader>00462cz  a2200145n  4500</leader>
  <controlfield tag="001">n  84030723 </controlfield>
  <controlfield tag="003">DLC</controlfield>
  <controlfield tag="005">20130316082303.0</controlfield>
  <controlfield tag="008">840710n| azannaab           |a aaa      </controlfield>
  <datafield tag="010" ind1=" " ind2=" ">
    <subfield code="a">n  84030723 </subfield>
  </datafield>
  <datafield tag="040" ind1=" " ind2=" ">
    <subfield code="a">DLC</subfield>
    <subfield code="b">eng</subfield>
    <subfield code="e">rda</subfield>
    <subfield code="c">DLC</subfield>
    <subfield code="d">DLC</subfield>
  </datafield>
  <datafield tag="100" ind1="0" ind2=" ">
    <subfield code="a">Teresa,</subfield>
    <subfield code="c">of Avila, Saint,</subfield>
    <subfield code="d">1515-1582.</subfield>
    <subfield code="t">Exclamaciones del alma a Dios.</subfield>
    <subfield code="l">English</subfield>
  </datafield>
  <datafield tag="377" ind1=" " ind2=" ">
    <subfield code="a">eng</subfield>
  </datafield>
  <datafield tag="400" ind1="0" ind2=" ">
    <subfield code="a">Teresa,</subfield>
    <subfield code="c">of Avila, Saint,</subfield>
    <subfield code="d">1515-1582.</subfield>
    <subfield code="t">Lingering with my Lord</subfield>
  </datafield>
  <datafield tag="670" ind1=" " ind2=" ">
    <subfield code="a">Her Lingering with my Lord, c1984.</subfield>
  </datafield>
</record>